@Article{Giraud1964,
  author	= {Giraud, Jean},
  title		= {M\'ethode de la descente},
  journal	= {Bull. Soc. Math. France M\'em.},
  fjournal	= {Soci\'et\'e Math\'ematique de France. Bulletin.
		  Suppl\'ement. M\'emoire},
  volume	= {2},
  year		= {1964},
  pages		= {viii+150},
  mrclass	= {14.55},
  mrnumber	= {0190142 (32 \#7556)},
  mrreviewer	= {R. Deheuvels},
  eprint        = {94540},
  eprinttype    = {eudml}
}

@Book{Giraud1971,
  author	= {Giraud, Jean},
  title		= {Cohomologie non ab\'elienne},
  note		= {Die Grundlehren der mathematischen Wissenschaften, Band
		  179},
  publisher	= {Springer-Verlag, Berlin-New York},
  year		= {1971},
  pages		= {ix+467},
  mrclass	= {14F20 (14L99 18D30 18F20 55B99 55F65)},
  mrnumber	= {0344253 (49 \#8992)},
  mrreviewer	= {R. T. Hoobler}
}

@Book{Illusie1971,
  author	= {Illusie, Luc},
  title		= {Complexe cotangent et d\'eformations. {I}},
  series	= {Lecture Notes in Mathematics, Vol. 239},
  publisher	= {Springer-Verlag, Berlin-New York},
  year		= {1971},
  pages		= {xv+355},
  mrclass	= {14B10 (14D15 14F20 55D20)},
  mrnumber	= {0491680 (58 \#10886a)},
  mrreviewer	= {Larry Breen},
  doi           = {10.1007/BFb0059052},
}

@Book{Illusie1972,
  author	= {Illusie, Luc},
  title		= {Complexe cotangent et d\'eformations. {II}},
  series	= {Lecture Notes in Mathematics, Vol. 283},
  publisher	= {Springer-Verlag, Berlin-New York},
  year		= {1972},
  pages		= {vii+304},
  mrclass	= {14B10 (14D15 14F20 55D20)},
  mrnumber	= {0491681 (58 \#10886b)},
  mrreviewer	= {Larry Breen},
  doi           = {10.1007/BFb0059573}
}

@Book{Saavedra1972,
  author	= {Saavedra Rivano, Neantro},
  journal	= {Bulletin de la Société Mathématique de France},
  pages		= {4170--430},
  publisher	= {Société mathématique de France},
  title		= {Catégories tannakiennes},
  eprint        = {87193},
  eprinttype    = {eudml},
  volume	= {100},
  year		= {1972}
}

@InCollection{Benabou1967,
  author	= {B{\'e}nabou, Jean},
  title		= {Introduction to bicategories},
  booktitle	= {Reports of the {M}idwest {C}ategory {S}eminar},
  series	= {Lecture Notes in Mathematics, Vol. 47},
  pages		= {1--77},
  publisher	= {Springer, Berlin},
  year		= {1967},
  mrclass	= {18.10},
  mrnumber	= {0220789 (36 \#3841)},
  mrreviewer	= {J. R. Isbell},
  doi           = {10.1007/BFb0074299}
}

@Book{GabrielZisman1967,
  author	= {Gabriel, Peter and Zisman, Michel},
  title		= {Calculus of fractions and homotopy theory},
  series	= {Ergebnisse der Mathematik und ihrer Grenzgebiete, Band
		  35},
  publisher	= {Springer-Verlag New York, Inc., New York},
  year		= {1967},
  pages		= {x+168},
  mrclass	= {55.40 (18.00)},
  mrnumber	= {0210125 (35 \#1019)},
  mrreviewer	= {A. K. Bousfield},
  doi           = {10.1007/978-3-642-85844-4}
}

@Book{Andre1967,
  author	= {Andr{\'e}, Michel},
  title		= {M\'ethode simpliciale en alg\`ebre homologique et
		  alg\`ebre commutative},
  series	= {Lecture Notes in Mathematics, Vol. 32},
  publisher	= {Springer-Verlag, Berlin-New York},
  year		= {1967},
  pages		= {iii+122},
  mrclass	= {18.20 (13.00)},
  mrnumber	= {0214644 (35 \#5493)},
  mrreviewer	= {D. W. Knudson}
}

@Book{Quillen1967,
  author	= {Quillen, Daniel G.},
  title		= {Homotopical algebra},
  series	= {Lecture Notes in Mathematics, Vol. 43},
  publisher	= {Springer-Verlag, Berlin-New York},
  year		= {1967},
  pages		= {iv+156 pp. (not consecutively paged)},
  mrclass	= {18.20 (55.00)},
  mrnumber	= {0223432 (36 \#6480)},
  mrreviewer	= {A. K. Bousfield},
  doi           = {10.1007/BFb0097438}
}

@InCollection{Quillen1970,
  author	= {Quillen, Daniel G.},
  title		= {On the (co-)homology of commutative rings},
  booktitle	= {Applications of {C}ategorical {A}lgebra ({P}roc. {S}ympos.
		  {P}ure {M}ath., {V}ol. {XVII}, {N}ew {Y}ork, 1968)},
  pages		= {65--87},
  publisher	= {Amer. Math. Soc., Providence, R.I.},
  year		= {1970},
  mrclass	= {13.90 (18.00)},
  mrnumber	= {0257068 (41 \#1722)},
  mrreviewer	= {S. Yuan},
  url           = {http://www.ams.org/books/pspum/017/0257068}
}

@Book{SGA4vol1,
  shorthand     = {{SGA}~4.1},
  editor        = {Artin, Michael and Grothendieck, Alexander and Verdier, Jean-Louis},
  title		= {Th\'eorie des topos et cohomologie \'etale des sch\'emas.
		  {T}ome 1: {T}h\'eorie des topos},
  series	= {Lecture Notes in Mathematics, Vol. 269},
  note		= {S{\'e}minaire de G{\'e}om{\'e}trie Alg{\'e}brique du
		  Bois-Marie 1963--1964 (SGA~4)},
  publisher	= {Springer-Verlag, Berlin-New York},
  year		= {1972},
  pages		= {xix+525},
  mrclass	= {14-06},
  mrnumber	= {0354652 (50 \#7130)},
  doi           = {10.1007/BFb0081551}
}

@Book{SGA4andhalf,
  shorthand     = {{SGA}~4$\frac12$},
  author	= {Deligne, Pierre},
  title		= {Cohomologie \'etale},
  series	= {Lecture Notes in Mathematics, Vol. 569},
  note		= {S{\'e}minaire de G{\'e}om{\'e}trie Alg{\'e}brique du
		  Bois-Marie SGA~4$\frac12$},
  publisher	= {Springer-Verlag, Berlin-New York},
  year		= {1977},
  pages		= {iv+312pp},
  mrclass	= {14F20},
  mrnumber	= {0463174 (57 \#3132)},
  mrreviewer	= {J. S. Milne},
  doi           = {10.1007/BFb0091516}
}

@Book{SGA5,
  shorthand     = {{SGA}~5},
  Title		= {Cohomologie {$l$}-adique et fonctions {$L$}},
  series	= {Lecture Notes in Mathematics, Vol. 589},
  note		= {S{\'e}minaire de G{\'e}ometrie Alg{\'e}brique du
		  Bois-Marie 1965--1966 (SGA 5), Edit{\'e} par Luc Illusie},
  publisher	= {Springer-Verlag, Berlin-New York},
  year		= {1977},
  pages		= {xii+484},
  isbn		= {3-540-08248-4},
  mrclass	= {14F20},
  mrnumber	= {0491704 (58 \#10907)},
  mrreviewer	= {J. S. Milne},
  doi           = {10.1007/BFb0096802}
}

@Book{SGA6,
  shorthand     = {{SGA}~6},
  editor        = {Berthelot, Pierre and Grothendieck, Alexander and Illusie, Luc},
  title		= {Th\'eorie des intersections et th\'eor\`eme de
		  {R}iemann-{R}och},
  series	= {Lecture Notes in Mathematics, Vol. 225},
  note		= {S{\'e}minaire de G{\'e}om{\'e}trie Alg{\'e}brique du
		  Bois-Marie 1966--1967 (SGA~6)},
  publisher	= {Springer-Verlag, Berlin-New York},
  year		= {1971},
  pages		= {xii+700},
  mrclass	= {14-06},
  mrnumber	= {0354655 (50 \#7133)},
  doi           = {10.1007/BFb0066283}
}

@Book{Andre1974,
  author	= {Andr{\'e}, Michel},
  title		= {Homologie des alg\`ebres commutatives},
  note		= {Die Grundlehren der mathematischen Wissenschaften, Band
		  206},
  publisher	= {Springer-Verlag, Berlin-New York},
  year		= {1974},
  pages		= {xv+341},
  mrclass	= {18H20 (14D15 13DXX 12GXX)},
  mrnumber	= {0352220 (50 \#4707)},
  mrreviewer	= {R. M. Fossum},
  doi           = {10.1007/978-3-642-51449-4}
}

@Book{BousfieldKan1972,
  author	= {Bousfield, Aldrigde K. and Kan, Daniel M.},
  title		= {Homotopy limits, completions and localizations},
  series	= {Lecture Notes in Mathematics, Vol. 304},
  publisher	= {Springer-Verlag, Berlin-New York},
  year		= {1972},
  pages		= {v+348},
  mrclass	= {55J05},
  mrnumber	= {0365573 (51 \#1825)},
  mrreviewer	= {Harold Hastings},
  doi           = {10.1007/978-3-540-38117-4}
}

@Book{Raynaud1975,
  author	= {Raynaud, Mich{\`e}le},
  title		= {Th\'eor\`emes de {L}efschetz en cohomologie coh\'erente et
		  en cohomologie \'etale},
  note		= {Bull. Soc. Math. France, M{\'e}m. No. 41, Suppl{\'e}ment
		  au Bull. Soc. Math. France, Tome 103},
  publisher	= {Soci\'et\'e Math\'ematique de France, Paris},
  year		= {1975},
  pages		= {176},
  mrclass	= {14F20},
  mrnumber	= {0407021 (53 \#10804)},
  mrreviewer	= {G. Horrocks},
  eprint        = {94714},
  eprinttype    = {eudml}
}

@Letter{Grothendieck1975,
  author	= "Alexander Grothendieck",
  year		= "1975",
  note		= "Two Letters to Larry Breen, dated February 17 and July 17--19",
  url		= "http://webusers.imj-prg.fr/~leila.schneps/grothendieckcircle/mathletters.php"
}

@Letter{Grothendieck1983b,
  author	= "Alexander Grothendieck",
  year		= "June 27, 1983",
  note		= "Letter to Gerd Faltings, describing ``anabelian algebraic
		  geometry''. Published in \textcite{LochakSchneps2000}",
  url		= "http://webusers.imj-prg.fr/~leila.schneps/grothendieckcircle/mathletters.php"
}

@Article{Cartan1976,
  author	= {Cartan, Henri},
  title		= {Th\'eories cohomologiques},
  journal	= {Invent. Math.},
  fjournal	= {Inventiones Mathematicae},
  volume	= {35},
  year		= {1976},
  pages		= {261--271},
  issn		= {0020-9910},
  mrclass	= {55B20},
  mrnumber	= {0431137 (55 \#4139)},
  mrreviewer	= {Jean-Michel Lemaire},
  doi           = {10.1007/BF01390140},
}

@Article{Sullivan1977,
  author	= {Sullivan, Dennis},
  title		= {Infinitesimal computations in topology},
  journal	= {Inst. Hautes \'Etudes Sci. Publ. Math.},
  fjournal	= {Institut des Hautes \'Etudes Scientifiques. Publications
		  Math\'ematiques},
  number	= {47},
  year		= {1977},
  pages		= {269--331 (1978)},
  issn		= {0073-8301},
  mrclass	= {57D99 (55D99 58A10)},
  mrnumber	= {0646078 (58 \#31119)},
  mrreviewer	= {J. F. Adams},
  eprint        = {103948},
  eprinttype    = {eudml}
}

@Article{Miller1978,
  author	= {Miller, Edward Y.},
  title		= {de {R}ham cohomology with arbitrary coefficients},
  journal	= {Topology},
  fjournal	= {Topology. An International Journal of Mathematics},
  volume	= {17},
  year		= {1978},
  number	= {2},
  pages		= {193--203},
  issn		= {0040-9383},
  mrclass	= {55B30 (58A10)},
  mrnumber	= {0467722 (57 \#7575)},
  mrreviewer	= {I. Vaisman},
  doi           = {10.1016/S0040-9383(78)90025-3}
}

@Article{Anderson1978,
  author	= {Anderson, Donald W.},
  title		= {Fibrations and geometric realizations},
  journal	= {Bull. Amer. Math. Soc.},
  fjournal	= {Bulletin of the American Mathematical Society},
  volume	= {84},
  year		= {1978},
  number	= {5},
  pages		= {765--788},
  issn		= {0002-9904},
  mrclass	= {55D99},
  mrnumber	= {0500935 (58 \#18426)},
  mrreviewer	= {J. P. May},
  doi           = {10.1090/S0002-9904-1978-14512-1},
}

@Article{Thomason1979,
  author	= {Thomason, Robert W.},
  title		= {Homotopy colimits in the category of small categories},
  journal	= {Math. Proc. Cambridge Philos. Soc.},
  fjournal	= {Mathematical Proceedings of the Cambridge Philosophical
		  Society},
  volume	= {85},
  year		= {1979},
  number	= {1},
  pages		= {91--109},
  issn		= {0305-0041},
  coden		= {MPCPCO},
  mrclass	= {18F25},
  mrnumber	= {510404 (80b:18015)},
  mrreviewer	= {Daniel R. Grayson},
  doi		= {10.1017/S0305004100055535},
}

@Article{Thomason1980,
  author	= {Thomason, Robert W.},
  title		= {Cat as a closed model category},
  journal	= {Cahiers Topologie G\'eom. Diff\'erentielle},
  fjournal	= {Cahiers de Topologie et G\'eom\'etrie Diff\'erentielle},
  volume	= {21},
  year		= {1980},
  number	= {3},
  pages		= {305--324},
  issn		= {0008-0004},
  mrclass	= {18A99 (55U35)},
  mrnumber	= {591388 (82b:18005)},
  mrreviewer	= {Harold Hastings},
  eprint        = {91233},
  eprinttype    = {eudml}
}

@InBook{DeligneMilne1982,
  author        = {Deligne, Pierre and Milne, James S.},
  title         = {Tannakian Categories},
  booktitle	= {Hodge cycles, motives, and {S}himura varieties},
  bookauthor	= {Deligne, Pierre and Milne, James S. and Ogus, Arthur and
		  Shih, Kuang-yen},
  series	= {Lecture Notes in Mathematics, Vol. 900},
  publisher	= {Springer-Verlag, Berlin-New York},
  year		= {1982},
  pages		= {101--228},
  isbn		= {3-540-11174-3},
  mrclass	= {14Kxx (10D25 12A67 14A20 14F30 14K22)},
  mrnumber	= {654325 (84m:14046)},
  url           = {http://www.jmilne.org/math/xnotes/tc.html}
}

@Thesis{Dakin1977,
  author	= {Dakin, M. Keith},
  title		= {Kan complexes and multiple groupoid structures},
  note          = {Published in Esquisses Math\'ematiques, Vol. 32 (1983)},
  type          = {Ph.D. Thesis},
  year          = {1977},
  institution   = {University College of North Wales, Bangor},
  url           = {http://ehres.pagesperso-orange.fr/Cahiers/dakinEM32.pdf},
}

@Book{Jones1983,
  author	= {Jones, David W.},
  title		= {Poly-{$T$}-complexes},
  series	= {U.C.N.W. Pure Maths Preprint},
  volume	= {84},
  note		= {Dissertation, University College of North Wales, Bangor,
		  1983},
  publisher	= {University College of North Wales, Bangor},
  year		= {1983},
  pages		= {171},
  mrclass	= {18G55 (20L15 55U10)},
  mrnumber	= {812869 (87a:18022b)},
  mrreviewer	= {Johannes Huebschmann}
}

@InCollection{Baues1985,
  author	= {Baues, Hans Joachim},
  title		= {On homotopy classification problems of {J}.\ {H}.\ {C}.\
		  {W}hitehead},
  booktitle	= {Algebraic topology, {G}\"ottingen 1984},
  series	= {Lecture Notes in Math.},
  volume	= {1172},
  pages		= {17--55},
  publisher	= {Springer, Berlin},
  year		= {1985},
  mrclass	= {55P15 (55S37)},
  mrnumber	= {825772 (87f:55006)},
  mrreviewer	= {Guido Mislin},
  doi		= {10.1007/BFb0074422},
}

@InCollection{Deligne1990,
  author	= {Deligne, Pierre},
  title		= {Cat\'egories tannakiennes},
  booktitle	= {The {G}rothendieck {F}estschrift, {V}ol.\ {II}},
  series	= {Progr. Math.},
  volume	= {87},
  pages		= {111--195},
  publisher	= {Birkh\"auser Boston, Boston, MA},
  year		= {1990},
  mrclass	= {14A99 (12H05 18A99)},
  mrnumber	= {1106898 (92d:14002)},
  mrreviewer	= {James Milne},
  doi           = {10.1007/978-0-8176-4575-5_3}
}

@Book{LochakSchneps2000,
  title		= {Geometric {G}alois actions. 1},
  series	= {London Mathematical Society Lecture Note Series},
  volume	= {242},
  editor	= {Schneps, Leila and Lochak, Pierre},
  note		= {Around Grothendieck's ``Esquisse d'un programme''},
  publisher	= {Cambridge University Press, Cambridge},
  year		= {1997},
  pages		= {iv+293},
  isbn		= {0-521-59642-4},
  mrclass	= {14-06},
  mrnumber	= {1483106 (98e:14003)},
  doi		= {10.1017/CBO9780511666124}
}

@Article{Cisinski1999,
  author	= {Cisinski, Denis-Charles},
  title		= {La classe des morphismes de {D}wyer n'est pas stable par
		  retractes},
  journal	= {Cahiers Topologie G\'eom. Diff\'erentielle Cat\'eg.},
  fjournal	= {Cahiers de Topologie et G\'eom\'etrie Diff\'erentielle
		  Cat\'egoriques},
  volume	= {40},
  year		= {1999},
  number	= {3},
  pages		= {227--231},
  issn		= {0008-0004},
  mrclass	= {18G30 (18G35 55U35)},
  mrnumber	= {1716777 (2000j:18008)},
  mrreviewer	= {Pilar C. Carrasco},
  eprint        = {91620},
  eprinttype    = {eudml}
}

@Article{Deligne2002,
  author	= {Deligne, Pierre},
  title		= {Cat\'egories tensorielles},
  note		= {Dedicated to Yuri I. Manin on the occasion of his 65th
		  birthday},
  journal	= {Mosc. Math. J.},
  fjournal	= {Moscow Mathematical Journal},
  volume	= {2},
  year		= {2002},
  number	= {2},
  pages		= {227--248},
  issn		= {1609-3321},
  mrclass	= {18D10 (18E30 20C99)},
  mrnumber	= {1944506 (2003k:18010)},
  mrreviewer	= {Viktor Ostrik},
  url           = {http://www.ams.org/distribution/mmj/vol2-2-2002/abst2-2-2002.html#deligne_abstract}
}

@Article{Cisinski2004,
  author	= {Cisinski, Denis-Charles},
  title		= {Le localisateur fondamental minimal},
  journal	= {Cah. Topol. G\'eom. Diff\'er. Cat\'eg.},
  fjournal	= {Cahiers de Topologie et G\'eom\'etrie Diff\'erentielle
		  Cat\'egoriques},
  volume	= {45},
  year		= {2004},
  number	= {2},
  pages		= {109--140},
  issn		= {1245-530X},
  mrclass	= {18E35 (18E15 55U35)},
  mrnumber	= {2072934 (2005f:18009)},
  mrreviewer	= {Manuel Bullejos Lorenzo},
  eprint        = {91678},
  eprinttype    = {eudml}
}

@Article{Cisinski2006,
  author	= {Cisinski, Denis-Charles},
  title		= {Les pr\'efaisceaux comme mod\`eles des types d'homotopie},
  journal	= {Ast\'erisque},
  fjournal	= {Ast\'erisque},
  number	= {308},
  year		= {2006},
  pages		= {xxiv+390},
  issn		= {0303-1179},
  isbn		= {978-2-85629-225-9},
  mrclass	= {55-02 (18F20 18G50 55P60 55U35)},
  mrnumber	= {2294028 (2007k:55002)},
  mrreviewer	= {Philippe Gaucher},
  url           = {http://www.math.univ-toulouse.fr/~dcisinsk/ast.pdf}
}

@Online{Kunzer2015,
  editor	= {K{\"u}nzer, Matthias},
  title		= {Correspondance Alexandre Grothendieck -- Ronald Brown},
  note		= {Avec la collaboration de R. Brown et G. Maltsiniotis},
  date		= {2015},
  url		= {http://webusers.imj-prg.fr/~georges.maltsiniotis/ps/agrb_web.pdf}		  
}